<record><leader>00000cas a22000007a 4500</leader><controlfield tag="001">15306862</controlfield><controlfield tag="008">870312d19031931pauwr ne      0    0eng d</controlfield><datafield ind1=" " ind2=" " tag="010"><subfield code="a">sn 87078148 </subfield></datafield><datafield ind1=" " ind2=" " tag="040"><subfield code="a">NPH</subfield><subfield code="b">eng</subfield><subfield code="c">NPH</subfield><subfield code="d">OCLCQ</subfield></datafield><datafield ind1=" " ind2=" " tag="042"><subfield code="a">msc</subfield></datafield><datafield ind1="0" ind2=" " tag="130"><subfield code="a">Martinsburg herald (Martinsburg, Pa. : 1903)</subfield></datafield><datafield ind1="1" ind2="0" tag="245"><subfield code="a">Martinsburg herald.</subfield></datafield><datafield ind1=" " ind2=" " tag="260"><subfield code="a">Martinsburg, Pa. :</subfield><subfield code="b">Herald Print. Co.,</subfield><subfield code="c">1903-1931.</subfield></datafield><datafield ind1=" " ind2=" " tag="300"><subfield code="a">28 v.</subfield></datafield><datafield ind1=" " ind2=" " tag="310"><subfield code="a">Weekly</subfield></datafield><datafield ind1="0" ind2=" " tag="362"><subfield code="a">Vol. 18, no. 34 (Jan. 16, 1903)-v. 46, no. 31 (Feb. 27, 1931).</subfield></datafield><datafield ind1=" " ind2=" " tag="500"><subfield code="a">Published every Friday morning.</subfield></datafield><datafield ind1=" " ind2=" " tag="752"><subfield code="a">United States</subfield><subfield code="b">Pennsylvania</subfield><subfield code="c">Blair</subfield><subfield code="d">Martinsburg.</subfield></datafield><datafield ind1="0" ind2="0" tag="780"><subfield code="t">Martinsburg weekly herald</subfield><subfield code="w">(DLC)sn 87078131</subfield></datafield><datafield ind1="0" ind2="0" tag="785"><subfield code="t">Morrisons Cove herald</subfield><subfield code="w">(DLC)sn 87078132</subfield></datafield></record>